001  0000022
005  20170217172402.392
008  170211s||||     bl|||||||||||||||||por|u
020    $a9788564974234
040    $aPorto Alegre$bpor
090    $a028-6$bB1650
100 1  $aBajour, Cecília
245 10 $aOuvir nas entrelinhas$bo valor da escuta nas práticas de leitura$cCecília Bajour
260    $aSão Paulo$bPulo do gato$c2012
300    $a120 p.
600 0  $aJoão Luís Ceccantini
650    $aLeitura
650    $aPromoção da leitura
650    $aPrática de leitura
650    $aLeitura oral
650    $aLivro
650    $aLiteratura
